<Document xmlns="urn:iso:std:iso:20022:tech:xsd:camt.052.001.08" xmlns:xsi="http://www.w3.org/2001/XMLSchema-instance" xsi:schemaLocation="urn:iso:std:iso:20022:tech:xsd:camt.052.001.08 FedNow_AccountActivityDetailsReport_camt_052_001_08.xsd">
	<BkToCstmrAcctRpt>
		<GrpHdr>
			<MsgId>AADR</MsgId>
			<CreDtTm>2023-09-03T09:31:13-04:00</CreDtTm>
			<MsgPgntn>
				<PgNb>1</PgNb>
				<LastPgInd>true</LastPgInd>
			</MsgPgntn>
			<OrgnlBizQry>
				<MsgId>20230903011104238AADRrequest1</MsgId>
				<MsgNmId>camt.060.001.05</MsgNmId>
				<CreDtTm>2023-09-03T09:30:47-04:00</CreDtTm>
			</OrgnlBizQry>
		</GrpHdr>
		<Rpt>
			<Id>EDAY</Id>
			<CreDtTm>2023-09-01T00:00:00-04:00</CreDtTm>
			<Acct>
				<Id>
					<Othr>
						<Id>011104238</Id>
					</Othr>
				</Id>
			</Acct>
			<TxsSummry>
				<TtlCdtNtries>
					<NbOfNtries>3</NbOfNtries>
					<Sum>2540.85</Sum>
				</TtlCdtNtries>
				<TtlDbtNtries>
					<NbOfNtries>2</NbOfNtries>
					<Sum>584.64</Sum>
				</TtlDbtNtries>
				<TtlNtriesPerBkTxCd>
					<NbOfNtries>1</NbOfNtries>
					<BkTxCd>
						<Prtry>
							<Cd>RJTS</Cd>
						</Prtry>
					</BkTxCd>
				</TtlNtriesPerBkTxCd>
				<TtlNtriesPerBkTxCd>
					<NbOfNtries>0</NbOfNtries>
					<BkTxCd>
						<Prtry>
							<Cd>RJTR</Cd>
						</Prtry>
					</BkTxCd>
				</TtlNtriesPerBkTxCd>
				<TtlNtriesPerBkTxCd>
					<NbOfNtries>0</NbOfNtries>
					<BkTxCd>
						<Prtry>
							<Cd>SENT</Cd>
						</Prtry>
					</BkTxCd>
				</TtlNtriesPerBkTxCd>
				<TtlNtriesPerBkTxCd>
					<NbOfNtries>0</NbOfNtries>
					<BkTxCd>
						<Prtry>
							<Cd>RCVD</Cd>
						</Prtry>
					</BkTxCd>
				</TtlNtriesPerBkTxCd>
			</TxsSummry>
			<Ntry>
				<Amt Ccy="USD">1584.68</Amt>
				<CdtDbtInd>CRDT</CdtDbtInd>
				<Sts>
					<Cd>BOOK</Cd>
				</Sts>
				<BkTxCd>
					<Prtry>
						<Cd>CRDT</Cd>
					</Prtry>
				</BkTxCd>
				<AddtlInfInd>
					<MsgNmId>pacs.008.001.08</MsgNmId>
				</AddtlInfInd>
				<NtryDtls>
					<TxDtls>
						<Refs>
							<MsgId>2023090131981435reportdata1</MsgId>
							<InstrId>20230901231981435InstrId011</InstrId>
							<EndToEndId>20230901231981435E2EId011</EndToEndId>
							<TxId>20230901231981435TxId011</TxId>
						</Refs>
						<RltdAgts>
							<InstgAgt>
								<FinInstnId>
									<ClrSysMmbId>
										<ClrSysId>
											<Cd>USABA</Cd>
										</ClrSysId>
										<MmbId>231981435</MmbId>
									</ClrSysMmbId>
								</FinInstnId>
							</InstgAgt>
							<InstdAgt>
								<FinInstnId>
									<ClrSysMmbId>
										<ClrSysId>
											<Cd>USABA</Cd>
										</ClrSysId>
										<MmbId>011104238</MmbId>
									</ClrSysMmbId>
								</FinInstnId>
							</InstdAgt>
							<Prtry>
								<Tp>INDA</Tp>
								<Agt>
									<FinInstnId>
										<ClrSysMmbId>
											<MmbId>011104238</MmbId>
										</ClrSysMmbId>
									</FinInstnId>
								</Agt>
							</Prtry>
						</RltdAgts>
						<RltdDts>
							<AccptncDtTm>2021-09-01T09:48:02-04:00</AccptncDtTm>
							<Prtry>
								<Tp>SDTM</Tp>
								<Dt>
									<DtTm>2021-09-01T09:48:02-04:00</DtTm>
								</Dt>
							</Prtry>
							<Prtry>
								<Tp>BPRD</Tp>
								<Dt>
									<DtTm>2021-09-01T09:48:02-04:00</DtTm>
								</Dt>
							</Prtry>
						</RltdDts>
					</TxDtls>
				</NtryDtls>
			</Ntry>
			<Ntry>
				<Amt Ccy="USD">589.99</Amt>
				<CdtDbtInd>CRDT</CdtDbtInd>
				<Sts>
					<Cd>BOOK</Cd>
				</Sts>
				<BkTxCd>
					<Prtry>
						<Cd>CRDT</Cd>
					</Prtry>
				</BkTxCd>
				<AddtlInfInd>
					<MsgNmId>pacs.008.001.08</MsgNmId>
				</AddtlInfInd>
				<NtryDtls>
					<TxDtls>
						<Refs>
							<MsgId>20230901SP1234455reportdata2</MsgId>
							<InstrId>20230901SP1234455InstrId012</InstrId>
							<EndToEndId>20230901SP1234455E2EId012</EndToEndId>
							<UETR>8a533c67-ca16-48de-b074-65581be6f011</UETR>
						</Refs>
						<RltdAgts>
							<InstgAgt>
								<FinInstnId>
									<ClrSysMmbId>
										<ClrSysId>
											<Cd>USABA</Cd>
										</ClrSysId>
										<MmbId>114000116</MmbId>
									</ClrSysMmbId>
								</FinInstnId>
							</InstgAgt>
							<InstdAgt>
								<FinInstnId>
									<ClrSysMmbId>
										<ClrSysId>
											<Cd>USABA</Cd>
										</ClrSysId>
										<MmbId>011104238</MmbId>
									</ClrSysMmbId>
								</FinInstnId>
							</InstdAgt>
							<Prtry>
								<Tp>INDA</Tp>
								<Agt>
									<FinInstnId>
										<ClrSysMmbId>
											<MmbId>011104238</MmbId>
										</ClrSysMmbId>
									</FinInstnId>
								</Agt>
							</Prtry>
						</RltdAgts>
						<RltdDts>
							<AccptncDtTm>2023-09-01T11:23:46-04:00</AccptncDtTm>
							<Prtry>
								<Tp>SDTM</Tp>
								<Dt>
									<DtTm>2023-09-01T11:23:46-04:00</DtTm>
								</Dt>
							</Prtry>
							<Prtry>
								<Tp>BPRD</Tp>
								<Dt>
									<DtTm>2023-09-01T11:23:46-04:00</DtTm>
								</Dt>
							</Prtry>
						</RltdDts>
					</TxDtls>
				</NtryDtls>
			</Ntry>
			<Ntry>
				<Amt Ccy="USD">366.59</Amt>
				<CdtDbtInd>CRDT</CdtDbtInd>
				<Sts>
					<Cd>BOOK</Cd>
				</Sts>
				<BkTxCd>
					<Prtry>
						<Cd>CRDT</Cd>
					</Prtry>
				</BkTxCd>
				<AddtlInfInd>
					<MsgNmId>pacs.008.001.08</MsgNmId>
				</AddtlInfInd>
				<NtryDtls>
					<TxDtls>
						<Refs>
							<MsgId>20230901SP1234455reportdata3</MsgId>
							<InstrId>20230901SP1234455InstId015</InstrId>
							<EndToEndId>202309010SP1234455E2EId015</EndToEndId>
							<TxId>202309010SP1234455TxId015</TxId>
						</Refs>
						<RltdAgts>
							<InstgAgt>
								<FinInstnId>
									<ClrSysMmbId>
										<ClrSysId>
											<Cd>USABA</Cd>
										</ClrSysId>
										<MmbId>114000116</MmbId>
									</ClrSysMmbId>
								</FinInstnId>
							</InstgAgt>
							<InstdAgt>
								<FinInstnId>
									<ClrSysMmbId>
										<ClrSysId>
											<Cd>USABA</Cd>
										</ClrSysId>
										<MmbId>011104238</MmbId>
									</ClrSysMmbId>
								</FinInstnId>
							</InstdAgt>
							<Prtry>
								<Tp>INGA</Tp>
								<Agt>
									<FinInstnId>
										<ClrSysMmbId>
											<MmbId>011104238</MmbId>
										</ClrSysMmbId>
									</FinInstnId>
								</Agt>
							</Prtry>
						</RltdAgts>
						<RltdDts>
							<AccptncDtTm>2023-09-01T14:59:33-04:00</AccptncDtTm>
							<Prtry>
								<Tp>SDTM</Tp>
								<Dt>
									<DtTm>2023-09-01T14:59:33-04:00</DtTm>
								</Dt>
							</Prtry>
							<Prtry>
								<Tp>BPRD</Tp>
								<Dt>
									<DtTm>2023-09-01T14:59:33-04:00</DtTm>
								</Dt>
							</Prtry>
						</RltdDts>
					</TxDtls>
				</NtryDtls>
			</Ntry>
			<Ntry>
				<Amt Ccy="USD">68.51</Amt>
				<CdtDbtInd>DBIT</CdtDbtInd>
				<Sts>
					<Cd>BOOK</Cd>
				</Sts>
				<BkTxCd>
					<Prtry>
						<Cd>DBIT</Cd>
					</Prtry>
				</BkTxCd>
				<AddtlInfInd>
					<MsgNmId>pacs.008.001.08</MsgNmId>
				</AddtlInfInd>
				<NtryDtls>
					<TxDtls>
						<Refs>
							<MsgId>20230901011104238reportdata4</MsgId>
							<InstrId>20230901011104238InstrId023</InstrId>
							<EndToEndId>20230901011104238E2EId023</EndToEndId>
							<TxId>20230901011104238TxId023</TxId>
						</Refs>
						<RltdAgts>
							<InstgAgt>
								<FinInstnId>
									<ClrSysMmbId>
										<ClrSysId>
											<Cd>USABA</Cd>
										</ClrSysId>
										<MmbId>011104238</MmbId>
									</ClrSysMmbId>
								</FinInstnId>
							</InstgAgt>
							<InstdAgt>
								<FinInstnId>
									<ClrSysMmbId>
										<ClrSysId>
											<Cd>USABA</Cd>
										</ClrSysId>
										<MmbId>231981435</MmbId>
									</ClrSysMmbId>
								</FinInstnId>
							</InstdAgt>
							<Prtry>
								<Tp>INGA</Tp>
								<Agt>
									<FinInstnId>
										<ClrSysMmbId>
											<MmbId>011104238</MmbId>
										</ClrSysMmbId>
									</FinInstnId>
								</Agt>
							</Prtry>
						</RltdAgts>
						<RltdDts>
							<AccptncDtTm>2023-09-01T14:18:23-04:00</AccptncDtTm>
							<Prtry>
								<Tp>SDTM</Tp>
								<Dt>
									<DtTm>2023-09-01T14:18:23-04:00</DtTm>
								</Dt>
							</Prtry>
							<Prtry>
								<Tp>BPRD</Tp>
								<Dt>
									<DtTm>2023-09-01T14:18:23-04:00</DtTm>
								</Dt>
							</Prtry>
						</RltdDts>
					</TxDtls>
				</NtryDtls>
			</Ntry>
			<Ntry>
				<Amt Ccy="USD">516.13</Amt>
				<CdtDbtInd>DBIT</CdtDbtInd>
				<Sts>
					<Cd>BOOK</Cd>
				</Sts>
				<BkTxCd>
					<Prtry>
						<Cd>DBIT</Cd>
					</Prtry>
				</BkTxCd>
				<AddtlInfInd>
					<MsgNmId>pacs.008.001.08</MsgNmId>
				</AddtlInfInd>
				<NtryDtls>
					<TxDtls>
						<Refs>
							<MsgId>20230901011104238reportdata5</MsgId>
							<InstrId>20230901011104238InstrId100</InstrId>
							<EndToEndId>20230901011104238E2EId100</EndToEndId>
							<TxId>20230901011104238TxId100</TxId>
						</Refs>
						<RltdAgts>
							<InstgAgt>
								<FinInstnId>
									<ClrSysMmbId>
										<ClrSysId>
											<Cd>USABA</Cd>
										</ClrSysId>
										<MmbId>011104238</MmbId>
									</ClrSysMmbId>
								</FinInstnId>
							</InstgAgt>
							<InstdAgt>
								<FinInstnId>
									<ClrSysMmbId>
										<ClrSysId>
											<Cd>USABA</Cd>
										</ClrSysId>
										<MmbId>231981435</MmbId>
									</ClrSysMmbId>
								</FinInstnId>
							</InstdAgt>
							<Prtry>
								<Tp>INGA</Tp>
								<Agt>
									<FinInstnId>
										<ClrSysMmbId>
											<MmbId>011104238</MmbId>
										</ClrSysMmbId>
									</FinInstnId>
								</Agt>
							</Prtry>
						</RltdAgts>
						<RltdDts>
							<AccptncDtTm>2023-09-01T12:34:31-04:00</AccptncDtTm>
							<Prtry>
								<Tp>SDTM</Tp>
								<Dt>
									<DtTm>2023-09-01T12:34:31-04:00</DtTm>
								</Dt>
							</Prtry>
							<Prtry>
								<Tp>BPRD</Tp>
								<Dt>
									<DtTm>2023-09-01T12:34:31-04:00</DtTm>
								</Dt>
							</Prtry>
						</RltdDts>
					</TxDtls>
				</NtryDtls>
			</Ntry>
			<Ntry>
				<Amt Ccy="USD">895.25</Amt>
				<CdtDbtInd>DBIT</CdtDbtInd>
				<Sts>
					<Cd>RJCT</Cd>
				</Sts>
				<BkTxCd>
					<Prtry>
						<Cd>RJTS</Cd>
					</Prtry>
				</BkTxCd>
				<AddtlInfInd>
					<MsgNmId>pacs.008.001.08</MsgNmId>
				</AddtlInfInd>
				<NtryDtls>
					<TxDtls>
						<Refs>
							<MsgId>20230901011104238reportdata6</MsgId>
							<InstrId>20230901011104238InstrId101</InstrId>
							<EndToEndId>20230901011104238E2EId101</EndToEndId>
							<TxId>20230901011104238TxId101</TxId>
						</Refs>
						<RltdAgts>
							<InstgAgt>
								<FinInstnId>
									<ClrSysMmbId>
										<ClrSysId>
											<Cd>USABA</Cd>
										</ClrSysId>
										<MmbId>011104238</MmbId>
									</ClrSysMmbId>
								</FinInstnId>
							</InstgAgt>
							<InstdAgt>
								<FinInstnId>
									<ClrSysMmbId>
										<ClrSysId>
											<Cd>USABA</Cd>
										</ClrSysId>
										<MmbId>231981435</MmbId>
									</ClrSysMmbId>
								</FinInstnId>
							</InstdAgt>
							<Prtry>
								<Tp>INGA</Tp>
								<Agt>
									<FinInstnId>
										<ClrSysMmbId>
											<MmbId>011104238</MmbId>
										</ClrSysMmbId>
									</FinInstnId>
								</Agt>
							</Prtry>
						</RltdAgts>
						<RltdDts>
							<Prtry>
								<Tp>SDTM</Tp>
								<Dt>
									<DtTm>2023-09-01T12:34:31-04:00</DtTm>
								</Dt>
							</Prtry>
							<Prtry>
								<Tp>BPRD</Tp>
								<Dt>
									<DtTm>2023-09-01T12:34:31-04:00</DtTm>
								</Dt>
							</Prtry>
						</RltdDts>
						<AddtlTxInf>E997</AddtlTxInf>
					</TxDtls>
				</NtryDtls>
			</Ntry>
		</Rpt>
	</BkToCstmrAcctRpt>
</Document>