<Document xmlns="urn:iso:std:iso:20022:tech:xsd:camt.052.001.08" xmlns:xsi="http://www.w3.org/2001/XMLSchema-instance" xsi:schemaLocation="urn:iso:std:iso:20022:tech:xsd:camt.052.001.08 FedNow_AccountActivityDetailsReport_camt_052_001_08.xsd">
	<BkToCstmrAcctRpt>
		<GrpHdr>
			<MsgId>CADR</MsgId>
			<CreDtTm>2023-09-14T13:30:08-04:00</CreDtTm>
			<MsgPgntn>
				<PgNb>1</PgNb>
				<LastPgInd>true</LastPgInd>
			</MsgPgntn>
			<OrgnlBizQry>
				<MsgId>20230914122240120CADRrequest1</MsgId>
				<MsgNmId>camt.060.001.05</MsgNmId>
				<CreDtTm>2023-09-14T13:29:32-04:00</CreDtTm>
			</OrgnlBizQry>
		</GrpHdr>
		<Rpt>
			<Id>EDAY</Id>
			<CreDtTm>2023-09-13T00:00:00-04:00</CreDtTm>
			<Acct>
				<Id>
					<Othr>
						<Id>122240120</Id>
					</Othr>
				</Id>
			</Acct>
			<RltdAcct>
				<Id>
					<Othr>
						<Id>113194159</Id>
					</Othr>
				</Id>
			</RltdAcct>
			<TxsSummry>
				<TtlCdtNtries>
					<NbOfNtries>3</NbOfNtries>
					<Sum>200.10</Sum>
				</TtlCdtNtries>
				<TtlDbtNtries>
					<NbOfNtries>2</NbOfNtries>
					<Sum>700452.25</Sum>
				</TtlDbtNtries>
			</TxsSummry>
			<Ntry>
				<Amt Ccy="USD">56.10</Amt>
				<CdtDbtInd>CRDT</CdtDbtInd>
				<Sts>
					<Cd>BOOK</Cd>
				</Sts>
				<BkTxCd>
					<Prtry>
						<Cd>CRDT</Cd>
					</Prtry>
				</BkTxCd>
				<AddtlInfInd>
					<MsgNmId>pacs.008.001.08</MsgNmId>
				</AddtlInfInd>
				<NtryDtls>
					<TxDtls>
						<Refs>
							<MsgId>20230913231981435reportdata11</MsgId>
							<InstrId>20230913231981435InstrId002</InstrId>
							<EndToEndId>20230913231981435E2EId002</EndToEndId>
							<UETR>8a562c67-ca16-48ba-b074-65581be6f011</UETR>
						</Refs>
						<RltdAgts>
							<InstgAgt>
								<FinInstnId>
									<ClrSysMmbId>
										<ClrSysId>
											<Cd>USABA</Cd>
										</ClrSysId>
										<MmbId>231981435</MmbId>
									</ClrSysMmbId>
								</FinInstnId>
							</InstgAgt>
							<InstdAgt>
								<FinInstnId>
									<ClrSysMmbId>
										<ClrSysId>
											<Cd>USABA</Cd>
										</ClrSysId>
										<MmbId>113185029</MmbId>
									</ClrSysMmbId>
								</FinInstnId>
							</InstdAgt>
							<Prtry>
								<Tp>INDA</Tp>
								<Agt>
									<FinInstnId>
										<ClrSysMmbId>
											<MmbId>113185029</MmbId>
										</ClrSysMmbId>
									</FinInstnId>
								</Agt>
							</Prtry>
						</RltdAgts>
						<RltdDts>
							<AccptncDtTm>2023-09-13T08:02:01-04:00</AccptncDtTm>
							<Prtry>
								<Tp>SDTM</Tp>
								<Dt>
									<DtTm>2023-09-13T08:01:02-04:00</DtTm>
								</Dt>
							</Prtry>
							<Prtry>
								<Tp>BPRD</Tp>
								<Dt>
									<DtTm>2023-09-13T08:02:01-04:00</DtTm>
								</Dt>
							</Prtry>
						</RltdDts>
					</TxDtls>
				</NtryDtls>
			</Ntry>
			<Ntry>
				<Amt Ccy="USD">72.96</Amt>
				<CdtDbtInd>CRDT</CdtDbtInd>
				<Sts>
					<Cd>BOOK</Cd>
				</Sts>
				<BkTxCd>
					<Prtry>
						<Cd>CRDT</Cd>
					</Prtry>
				</BkTxCd>
				<AddtlInfInd>
					<MsgNmId>pacs.008.001.08</MsgNmId>
				</AddtlInfInd>
				<NtryDtls>
					<TxDtls>
						<Refs>
							<MsgId>20230913113185029reportdata12</MsgId>
							<InstrId>20230913113185029InstrId003</InstrId>
							<EndToEndId>20230913113185029E2EId003</EndToEndId>
							<UETR>8a562c67-ca16-48ba-b074-65581be6f011</UETR>
						</Refs>
						<RltdAgts>
							<InstgAgt>
								<FinInstnId>
									<ClrSysMmbId>
										<ClrSysId>
											<Cd>USABA</Cd>
										</ClrSysId>
										<MmbId>113185029</MmbId>
									</ClrSysMmbId>
								</FinInstnId>
							</InstgAgt>
							<InstdAgt>
								<FinInstnId>
									<ClrSysMmbId>
										<ClrSysId>
											<Cd>USABA</Cd>
										</ClrSysId>
										<MmbId>113194159</MmbId>
									</ClrSysMmbId>
								</FinInstnId>
							</InstdAgt>
							<Prtry>
								<Tp>INDA</Tp>
								<Agt>
									<FinInstnId>
										<ClrSysMmbId>
											<MmbId>113194159</MmbId>
										</ClrSysMmbId>
									</FinInstnId>
								</Agt>
							</Prtry>
						</RltdAgts>
						<RltdDts>
							<AccptncDtTm>2023-09-13T09:50:17-04:00</AccptncDtTm>
							<Prtry>
								<Tp>SDTM</Tp>
								<Dt>
									<DtTm>2023-09-02T09:48:02-04:00</DtTm>
								</Dt>
							</Prtry>
							<Prtry>
								<Tp>BPRD</Tp>
								<Dt>
									<DtTm>2023-09-13T09:50:17-04:00</DtTm>
								</Dt>
							</Prtry>
						</RltdDts>
					</TxDtls>
				</NtryDtls>
			</Ntry>
			<Ntry>
				<Amt Ccy="USD">71.04</Amt>
				<CdtDbtInd>CRDT</CdtDbtInd>
				<Sts>
					<Cd>BOOK</Cd>
				</Sts>
				<BkTxCd>
					<Prtry>
						<Cd>CRDT</Cd>
					</Prtry>
				</BkTxCd>
				<AddtlInfInd>
					<MsgNmId>pacs.004.001.10</MsgNmId>
				</AddtlInfInd>
				<NtryDtls>
					<TxDtls>
						<Refs>
							<MsgId>20230913114000116reportdata13</MsgId>
							<InstrId>20230913114000116InstrId002</InstrId>
							<EndToEndId>20230913114000116E2EId002</EndToEndId>
							<UETR>8a562c67-ca16-48ba-b074-65581be6f011</UETR>
						</Refs>
						<RltdAgts>
							<InstgAgt>
								<FinInstnId>
									<ClrSysMmbId>
										<ClrSysId>
											<Cd>USABA</Cd>
										</ClrSysId>
										<MmbId>114000116</MmbId>
									</ClrSysMmbId>
								</FinInstnId>
							</InstgAgt>
							<InstdAgt>
								<FinInstnId>
									<ClrSysMmbId>
										<ClrSysId>
											<Cd>USABA</Cd>
										</ClrSysId>
										<MmbId>113194159</MmbId>
									</ClrSysMmbId>
								</FinInstnId>
							</InstdAgt>
							<Prtry>
								<Tp>INDA</Tp>
								<Agt>
									<FinInstnId>
										<ClrSysMmbId>
											<MmbId>113194159</MmbId>
										</ClrSysMmbId>
									</FinInstnId>
								</Agt>
							</Prtry>
						</RltdAgts>
						<RltdDts>
							<AccptncDtTm>2023-09-13T11:09:56-04:00</AccptncDtTm>
							<Prtry>
								<Tp>SDTM</Tp>
								<Dt>
									<DtTm>2023-09-13T11:08:02-04:00</DtTm>
								</Dt>
							</Prtry>
							<Prtry>
								<Tp>BPRD</Tp>
								<Dt>
									<DtTm>2023-09-13T11:09:56-04:00</DtTm>
								</Dt>
							</Prtry>
						</RltdDts>
					</TxDtls>
				</NtryDtls>
			</Ntry>
			<Ntry>
				<Amt Ccy="USD">452.25</Amt>
				<CdtDbtInd>DBIT</CdtDbtInd>
				<Sts>
					<Cd>BOOK</Cd>
				</Sts>
				<BkTxCd>
					<Prtry>
						<Cd>DBIT</Cd>
					</Prtry>
				</BkTxCd>
				<AddtlInfInd>
					<MsgNmId>pacs.008.001.08</MsgNmId>
				</AddtlInfInd>
				<NtryDtls>
					<TxDtls>
						<Refs>
							<MsgId>20230913113194159reportdata14</MsgId>
							<InstrId>20230913113194159InstrId010</InstrId>
							<EndToEndId>20230913113194159E2EId010</EndToEndId>
							<UETR>8a562c67-ca16-48ba-b074-65581be6f011</UETR>
						</Refs>
						<RltdAgts>
							<InstgAgt>
								<FinInstnId>
									<ClrSysMmbId>
										<ClrSysId>
											<Cd>USABA</Cd>
										</ClrSysId>
										<MmbId>113194159</MmbId>
									</ClrSysMmbId>
								</FinInstnId>
							</InstgAgt>
							<InstdAgt>
								<FinInstnId>
									<ClrSysMmbId>
										<ClrSysId>
											<Cd>USABA</Cd>
										</ClrSysId>
										<MmbId>113185029</MmbId>
									</ClrSysMmbId>
								</FinInstnId>
							</InstdAgt>
							<Prtry>
								<Tp>INGA</Tp>
								<Agt>
									<FinInstnId>
										<ClrSysMmbId>
											<MmbId>113194159</MmbId>
										</ClrSysMmbId>
									</FinInstnId>
								</Agt>
							</Prtry>
						</RltdAgts>
						<RltdDts>
							<AccptncDtTm>2023-09-13T12:17:59-04:00</AccptncDtTm>
							<Prtry>
								<Tp>SDTM</Tp>
								<Dt>
									<DtTm>2023-09-13T12:16:02-04:00</DtTm>
								</Dt>
							</Prtry>
							<Prtry>
								<Tp>BPRD</Tp>
								<Dt>
									<DtTm>2023-09-13T12:17:59-04:00</DtTm>
								</Dt>
							</Prtry>
						</RltdDts>
					</TxDtls>
				</NtryDtls>
			</Ntry>
			<Ntry>
				<Amt Ccy="USD">700000</Amt>
				<CdtDbtInd>DBIT</CdtDbtInd>
				<Sts>
					<Cd>BOOK</Cd>
				</Sts>
				<BkTxCd>
					<Prtry>
						<Cd>DBIT</Cd>
					</Prtry>
				</BkTxCd>
				<AddtlInfInd>
					<MsgNmId>pacs.009.001.08</MsgNmId>
				</AddtlInfInd>
				<NtryDtls>
					<TxDtls>
						<Refs>
							<MsgId>20230913113194159reportdata15</MsgId>
							<InstrId>20230913113194159InstrId010</InstrId>
							<EndToEndId>20230913113194159E2EId010</EndToEndId>
						</Refs>
						<RltdAgts>
							<InstgAgt>
								<FinInstnId>
									<ClrSysMmbId>
										<ClrSysId>
											<Cd>USABA</Cd>
										</ClrSysId>
										<MmbId>113194159</MmbId>
									</ClrSysMmbId>
								</FinInstnId>
							</InstgAgt>
							<InstdAgt>
								<FinInstnId>
									<ClrSysMmbId>
										<ClrSysId>
											<Cd>USABA</Cd>
										</ClrSysId>
										<MmbId>231981435</MmbId>
									</ClrSysMmbId>
								</FinInstnId>
							</InstdAgt>
							<Prtry>
								<Tp>INGA</Tp>
								<Agt>
									<FinInstnId>
										<ClrSysMmbId>
											<MmbId>113194159</MmbId>
										</ClrSysMmbId>
									</FinInstnId>
								</Agt>
							</Prtry>
						</RltdAgts>
						<RltdDts>
							<AccptncDtTm>2023-09-13T13:02:06-04:00</AccptncDtTm>
							<Prtry>
								<Tp>SDTM</Tp>
								<Dt>
									<DtTm>2023-09-13T13:01:02-04:00</DtTm>
								</Dt>
							</Prtry>
							<Prtry>
								<Tp>BPRD</Tp>
								<Dt>
									<DtTm>2023-09-13T13:02:06-04:00</DtTm>
								</Dt>
							</Prtry>
						</RltdDts>
					</TxDtls>
				</NtryDtls>
			</Ntry>
		</Rpt>
	</BkToCstmrAcctRpt>
</Document>