<Document xmlns="urn:iso:std:iso:20022:tech:xsd:camt.052.001.08" xmlns:xsi="http://www.w3.org/2001/XMLSchema-instance" xsi:schemaLocation="urn:iso:std:iso:20022:tech:xsd:camt.052.001.08 FedNow_AccountActivityDetailsReport_camt_052_001_08.xsd">
	<BkToCstmrAcctRpt>
		<GrpHdr>
			<MsgId>CADR</MsgId>
			<CreDtTm>2023-09-13T19:31:13-04:00</CreDtTm>
			<MsgPgntn>
				<PgNb>1</PgNb>
				<LastPgInd>true</LastPgInd>
			</MsgPgntn>
		</GrpHdr>
		<Rpt>
			<Id>EDAY</Id>
			<CreDtTm>2023-09-13T00:00:00-04:00</CreDtTm>
			<Acct>
				<Id>
					<Othr>
						<Id>122240120</Id>
					</Othr>
				</Id>
			</Acct>
			<RltdAcct>
				<Id>
					<Othr>
						<Id>113185029</Id>
					</Othr>
				</Id>
			</RltdAcct>
			<TxsSummry>
				<TtlCdtNtries>
					<NbOfNtries>1</NbOfNtries>
					<Sum>500</Sum>
				</TtlCdtNtries>
				<TtlDbtNtries>
					<NbOfNtries>0</NbOfNtries>
					<Sum>0</Sum>
				</TtlDbtNtries>
			</TxsSummry>
			<Ntry>
				<Amt Ccy="USD">500</Amt>
				<CdtDbtInd>CRDT</CdtDbtInd>
				<Sts>
					<Cd>BOOK</Cd>
				</Sts>
				<BkTxCd>
					<Prtry>
						<Cd>CRDT</Cd>
					</Prtry>
				</BkTxCd>
				<AddtlInfInd>
					<MsgNmId>pacs.008.001.08</MsgNmId>
				</AddtlInfInd>
				<NtryDtls>
					<TxDtls>
						<Refs>
							<MsgId>2023091331981435reportdata10</MsgId>
							<InstrId>20230913231981435InstrId001</InstrId>
							<EndToEndId>20230913231981435E2EId001</EndToEndId>
							<UETR>8a562c67-ca16-48ba-b074-65581be6f011</UETR>
						</Refs>
						<RltdAgts>
							<InstgAgt>
								<FinInstnId>
									<ClrSysMmbId>
										<ClrSysId>
											<Cd>USABA</Cd>
										</ClrSysId>
										<MmbId>231981435</MmbId>
									</ClrSysMmbId>
								</FinInstnId>
							</InstgAgt>
							<InstdAgt>
								<FinInstnId>
									<ClrSysMmbId>
										<ClrSysId>
											<Cd>USABA</Cd>
										</ClrSysId>
										<MmbId>113185029</MmbId>
									</ClrSysMmbId>
								</FinInstnId>
							</InstdAgt>
							<Prtry>
								<Tp>INDA</Tp>
								<Agt>
									<FinInstnId>
										<ClrSysMmbId>
											<MmbId>113185029</MmbId>
										</ClrSysMmbId>
									</FinInstnId>
								</Agt>
							</Prtry>
						</RltdAgts>
						<RltdDts>
							<AccptncDtTm>2023-09-13T07:49:12-04:00</AccptncDtTm>
							<Prtry>
								<Tp>SDTM</Tp>
								<Dt>
									<DtTm>2023-09-13T07:49:12-04:00</DtTm>
								</Dt>
							</Prtry>
							<Prtry>
								<Tp>BPRD</Tp>
								<Dt>
									<DtTm>2023-09-13T07:49:12-04:00</DtTm>
								</Dt>
							</Prtry>
						</RltdDts>
					</TxDtls>
				</NtryDtls>
			</Ntry>
		</Rpt>
	</BkToCstmrAcctRpt>
</Document>