<Document xmlns="urn:iso:std:iso:20022:tech:xsd:camt.052.001.08" xmlns:xsi="http://www.w3.org/2001/XMLSchema-instance" xsi:schemaLocation="urn:iso:std:iso:20022:tech:xsd:camt.052.001.08 FedNow_AccountActivityDetailsReport_camt_052_001_08.xsd">
	<BkToCstmrAcctRpt>
		<GrpHdr>
			<MsgId>AADR</MsgId>
			<CreDtTm>2023-09-02T19:31:13-04:00</CreDtTm>
			<MsgPgntn>
				<PgNb>1</PgNb>
				<LastPgInd>true</LastPgInd>
			</MsgPgntn>
		</GrpHdr>
		<Rpt>
			<Id>EDAY</Id>
			<CreDtTm>2023-09-02T00:00:00-04:00</CreDtTm>
			<Acct>
				<Id>
					<Othr>
						<Id>011104238</Id>
					</Othr>
				</Id>
			</Acct>
			<TxsSummry>
				<TtlCdtNtries>
					<NbOfNtries>2</NbOfNtries>
					<Sum>1000.59</Sum>
				</TtlCdtNtries>
				<TtlDbtNtries>
					<NbOfNtries>1</NbOfNtries>
					<Sum>56</Sum>
				</TtlDbtNtries>
				<TtlNtriesPerBkTxCd>
					<NbOfNtries>1</NbOfNtries>
					<BkTxCd>
						<Prtry>
							<Cd>RJTS</Cd>
						</Prtry>
					</BkTxCd>
				</TtlNtriesPerBkTxCd>
				<TtlNtriesPerBkTxCd>
					<NbOfNtries>0</NbOfNtries>
					<BkTxCd>
						<Prtry>
							<Cd>RJTR</Cd>
						</Prtry>
					</BkTxCd>
				</TtlNtriesPerBkTxCd>
				<TtlNtriesPerBkTxCd>
					<NbOfNtries>2</NbOfNtries>
					<BkTxCd>
						<Prtry>
							<Cd>SENT</Cd>
						</Prtry>
					</BkTxCd>
				</TtlNtriesPerBkTxCd>
				<TtlNtriesPerBkTxCd>
					<NbOfNtries>1</NbOfNtries>
					<BkTxCd>
						<Prtry>
							<Cd>RCVD</Cd>
						</Prtry>
					</BkTxCd>
				</TtlNtriesPerBkTxCd>
			</TxsSummry>
			<Ntry>
				<Amt Ccy="USD">410.60</Amt>
				<CdtDbtInd>CRDT</CdtDbtInd>
				<Sts>
					<Cd>BOOK</Cd>
				</Sts>
				<BkTxCd>
					<Prtry>
						<Cd>CRDT</Cd>
					</Prtry>
				</BkTxCd>
				<AddtlInfInd>
					<MsgNmId>pacs.008.001.08</MsgNmId>
				</AddtlInfInd>
				<NtryDtls>
					<TxDtls>
						<Refs>
							<MsgId>20230902231981435reportdata1</MsgId>
							<InstrId>20230902231981435InstrId001</InstrId>
							<EndToEndId>20230902231981435E2EId001</EndToEndId>
							<UETR>8a562c67-ca16-48ba-b074-65581be6f011</UETR>
						</Refs>
						<RltdAgts>
							<InstgAgt>
								<FinInstnId>
									<ClrSysMmbId>
										<ClrSysId>
											<Cd>USABA</Cd>
										</ClrSysId>
										<MmbId>231981435</MmbId>
									</ClrSysMmbId>
								</FinInstnId>
							</InstgAgt>
							<InstdAgt>
								<FinInstnId>
									<ClrSysMmbId>
										<ClrSysId>
											<Cd>USABA</Cd>
										</ClrSysId>
										<MmbId>011104238</MmbId>
									</ClrSysMmbId>
								</FinInstnId>
							</InstdAgt>
							<Prtry>
								<Tp>INDA</Tp>
								<Agt>
									<FinInstnId>
										<ClrSysMmbId>
											<MmbId>011104238</MmbId>
										</ClrSysMmbId>
									</FinInstnId>
								</Agt>
							</Prtry>
						</RltdAgts>
						<RltdDts>
							<AccptncDtTm>2023-09-02T09:48:02-04:00</AccptncDtTm>
							<Prtry>
								<Tp>SDTM</Tp>
								<Dt>
									<DtTm>2023-09-02T09:48:02-04:00</DtTm>
								</Dt>
							</Prtry>
							<Prtry>
								<Tp>BPRD</Tp>
								<Dt>
									<DtTm>2023-09-02T09:48:02-04:00</DtTm>
								</Dt>
							</Prtry>
						</RltdDts>
					</TxDtls>
				</NtryDtls>
			</Ntry>
			<Ntry>
				<Amt Ccy="USD">589.99</Amt>
				<CdtDbtInd>CRDT</CdtDbtInd>
				<Sts>
					<Cd>BOOK</Cd>
				</Sts>
				<BkTxCd>
					<Prtry>
						<Cd>CRDT</Cd>
					</Prtry>
				</BkTxCd>
				<AddtlInfInd>
					<MsgNmId>pacs.008.001.08</MsgNmId>
				</AddtlInfInd>
				<NtryDtls>
					<TxDtls>
						<Refs>
							<MsgId>20230902SP1234455reportdata2</MsgId>
							<InstrId>20230902SP1234455InstrId001</InstrId>
							<EndToEndId>20230902SP1234455E2EId001</EndToEndId>
							<UETR>8a533c67-ca16-48de-b074-65581be6f011</UETR>
						</Refs>
						<RltdAgts>
							<InstgAgt>
								<FinInstnId>
									<ClrSysMmbId>
										<ClrSysId>
											<Cd>USABA</Cd>
										</ClrSysId>
										<MmbId>114000116</MmbId>
									</ClrSysMmbId>
								</FinInstnId>
							</InstgAgt>
							<InstdAgt>
								<FinInstnId>
									<ClrSysMmbId>
										<ClrSysId>
											<Cd>USABA</Cd>
										</ClrSysId>
										<MmbId>011104238</MmbId>
									</ClrSysMmbId>
								</FinInstnId>
							</InstdAgt>
							<Prtry>
								<Tp>INDA</Tp>
								<Agt>
									<FinInstnId>
										<ClrSysMmbId>
											<MmbId>011104238</MmbId>
										</ClrSysMmbId>
									</FinInstnId>
								</Agt>
							</Prtry>
						</RltdAgts>
						<RltdDts>
							<AccptncDtTm>2023-09-02T11:23:46-04:00</AccptncDtTm>
							<Prtry>
								<Tp>SDTM</Tp>
								<Dt>
									<DtTm>2023-09-02T11:23:46-04:00</DtTm>
								</Dt>
							</Prtry>
							<Prtry>
								<Tp>BPRD</Tp>
								<Dt>
									<DtTm>2023-09-02T11:23:46-04:00</DtTm>
								</Dt>
							</Prtry>
						</RltdDts>
					</TxDtls>
				</NtryDtls>
			</Ntry>
			<Ntry>
				<Amt Ccy="USD">56</Amt>
				<CdtDbtInd>DBIT</CdtDbtInd>
				<Sts>
					<Cd>BOOK</Cd>
				</Sts>
				<BkTxCd>
					<Prtry>
						<Cd>DBIT</Cd>
					</Prtry>
				</BkTxCd>
				<AddtlInfInd>
					<MsgNmId>pacs.008.001.08</MsgNmId>
				</AddtlInfInd>
				<NtryDtls>
					<TxDtls>
						<Refs>
							<MsgId>20230902011104238reportdata3</MsgId>
							<InstrId>20230902011104238InstrId001</InstrId>
							<EndToEndId>20230902011104238E2EId001</EndToEndId>
							<UETR>8a533c67-ca16-48de-b074-88767be6f023</UETR>
						</Refs>
						<RltdAgts>
							<InstgAgt>
								<FinInstnId>
									<ClrSysMmbId>
										<ClrSysId>
											<Cd>USABA</Cd>
										</ClrSysId>
										<MmbId>011104238</MmbId>
									</ClrSysMmbId>
								</FinInstnId>
							</InstgAgt>
							<InstdAgt>
								<FinInstnId>
									<ClrSysMmbId>
										<ClrSysId>
											<Cd>USABA</Cd>
										</ClrSysId>
										<MmbId>021307481</MmbId>
									</ClrSysMmbId>
								</FinInstnId>
							</InstdAgt>
							<Prtry>
								<Tp>INGA</Tp>
								<Agt>
									<FinInstnId>
										<ClrSysMmbId>
											<MmbId>011104238</MmbId>
										</ClrSysMmbId>
									</FinInstnId>
								</Agt>
							</Prtry>
						</RltdAgts>
						<RltdDts>
							<AccptncDtTm>2023-09-02T14:59:33-04:00</AccptncDtTm>
							<Prtry>
								<Tp>SDTM</Tp>
								<Dt>
									<DtTm>2023-09-02T14:59:33-04:00</DtTm>
								</Dt>
							</Prtry>
							<Prtry>
								<Tp>BPRD</Tp>
								<Dt>
									<DtTm>2023-09-02T14:59:33-04:00</DtTm>
								</Dt>
							</Prtry>
						</RltdDts>
					</TxDtls>
				</NtryDtls>
			</Ntry>
			<Ntry>
				<Amt Ccy="USD">87.21</Amt>
				<CdtDbtInd>DBIT</CdtDbtInd>
				<Sts>
					<Cd>RJCT</Cd>
				</Sts>
				<BkTxCd>
					<Prtry>
						<Cd>RJTS</Cd>
					</Prtry>
				</BkTxCd>
				<AddtlInfInd>
					<MsgNmId>pacs.008.001.08</MsgNmId>
				</AddtlInfInd>
				<NtryDtls>
					<TxDtls>
						<Refs>
							<MsgId>20230902011104238reportdata4</MsgId>
							<InstrId>20230902011104238InstrId002</InstrId>
							<EndToEndId>20230902011104238E2EId002</EndToEndId>
						</Refs>
						<RltdAgts>
							<InstgAgt>
								<FinInstnId>
									<ClrSysMmbId>
										<ClrSysId>
											<Cd>USABA</Cd>
										</ClrSysId>
										<MmbId>011104238</MmbId>
									</ClrSysMmbId>
								</FinInstnId>
							</InstgAgt>
							<InstdAgt>
								<FinInstnId>
									<ClrSysMmbId>
										<ClrSysId>
											<Cd>USABA</Cd>
										</ClrSysId>
										<MmbId>231981435</MmbId>
									</ClrSysMmbId>
								</FinInstnId>
							</InstdAgt>
							<Prtry>
								<Tp>INGA</Tp>
								<Agt>
									<FinInstnId>
										<ClrSysMmbId>
											<MmbId>011104238</MmbId>
										</ClrSysMmbId>
									</FinInstnId>
								</Agt>
							</Prtry>
						</RltdAgts>
						<RltdDts>
							<Prtry>
								<Tp>BPRD</Tp>
								<Dt>
									<DtTm>2023-09-02T14:59:33-04:00</DtTm>
								</Dt>
							</Prtry>
						</RltdDts>
						<AddtlTxInf>E997</AddtlTxInf>
					</TxDtls>
				</NtryDtls>
			</Ntry>
			<Ntry>
				<Amt Ccy="USD">0</Amt>
				<CdtDbtInd>CRDT</CdtDbtInd>
				<Sts>
					<Cd>INFO</Cd>
				</Sts>
				<BkTxCd>
					<Prtry>
						<Cd>SENT</Cd>
					</Prtry>
				</BkTxCd>
				<AddtlInfInd>
					<MsgNmId>pain.013.001.07</MsgNmId>
				</AddtlInfInd>
				<NtryDtls>
					<TxDtls>
						<Refs>
							<MsgId>20230902231981435reportdata5</MsgId>
						</Refs>
						<RltdAgts>
							<InstgAgt>
								<FinInstnId>
									<ClrSysMmbId>
										<ClrSysId>
											<Cd>USABA</Cd>
										</ClrSysId>
										<MmbId>231981435</MmbId>
									</ClrSysMmbId>
								</FinInstnId>
							</InstgAgt>
							<InstdAgt>
								<FinInstnId>
									<ClrSysMmbId>
										<ClrSysId>
											<Cd>USABA</Cd>
										</ClrSysId>
										<MmbId>011104238</MmbId>
									</ClrSysMmbId>
								</FinInstnId>
							</InstdAgt>
							<Prtry>
								<Tp>INDA</Tp>
								<Agt>
									<FinInstnId>
										<ClrSysMmbId>
											<MmbId>011104238</MmbId>
										</ClrSysMmbId>
									</FinInstnId>
								</Agt>
							</Prtry>
						</RltdAgts>
						<RltdDts>
							<Prtry>
								<Tp>SDTM</Tp>
								<Dt>
									<DtTm>2023-09-02T10:08:02-04:00</DtTm>
								</Dt>
							</Prtry>
						</RltdDts>
					</TxDtls>
				</NtryDtls>
			</Ntry>
			<Ntry>
				<Amt Ccy="USD">0</Amt>
				<CdtDbtInd>CRDT</CdtDbtInd>
				<Sts>
					<Cd>INFO</Cd>
				</Sts>
				<BkTxCd>
					<Prtry>
						<Cd>SENT</Cd>
					</Prtry>
				</BkTxCd>
				<AddtlInfInd>
					<MsgNmId>camt.029.001.09</MsgNmId>
				</AddtlInfInd>
				<NtryDtls>
					<TxDtls>
						<Refs>
							<MsgId>20230902231981435reportdata6</MsgId>
						</Refs>
						<RltdAgts>
							<InstgAgt>
								<FinInstnId>
									<ClrSysMmbId>
										<ClrSysId>
											<Cd>USABA</Cd>
										</ClrSysId>
										<MmbId>231981435</MmbId>
									</ClrSysMmbId>
								</FinInstnId>
							</InstgAgt>
							<InstdAgt>
								<FinInstnId>
									<ClrSysMmbId>
										<ClrSysId>
											<Cd>USABA</Cd>
										</ClrSysId>
										<MmbId>011104238</MmbId>
									</ClrSysMmbId>
								</FinInstnId>
							</InstdAgt>
							<Prtry>
								<Tp>INDA</Tp>
								<Agt>
									<FinInstnId>
										<ClrSysMmbId>
											<MmbId>011104238</MmbId>
										</ClrSysMmbId>
									</FinInstnId>
								</Agt>
							</Prtry>
						</RltdAgts>
						<RltdDts>
							<Prtry>
								<Tp>SDTM</Tp>
								<Dt>
									<DtTm>2023-09-02T16:09:28-04:00</DtTm>
								</Dt>
							</Prtry>
						</RltdDts>
					</TxDtls>
				</NtryDtls>
			</Ntry>
			<Ntry>
				<Amt Ccy="USD">0</Amt>
				<CdtDbtInd>CRDT</CdtDbtInd>
				<Sts>
					<Cd>INFO</Cd>
				</Sts>
				<BkTxCd>
					<Prtry>
						<Cd>RCVD</Cd>
					</Prtry>
				</BkTxCd>
				<AddtlInfInd>
					<MsgNmId>camt.029.001.09</MsgNmId>
				</AddtlInfInd>
				<NtryDtls>
					<TxDtls>
						<Refs>
							<MsgId>20230902011104238reportdata7</MsgId>
						</Refs>
						<RltdAgts>
							<InstgAgt>
								<FinInstnId>
									<ClrSysMmbId>
										<ClrSysId>
											<Cd>USABA</Cd>
										</ClrSysId>
										<MmbId>011104238</MmbId>
									</ClrSysMmbId>
								</FinInstnId>
							</InstgAgt>
							<InstdAgt>
								<FinInstnId>
									<ClrSysMmbId>
										<ClrSysId>
											<Cd>USABA</Cd>
										</ClrSysId>
										<MmbId>021307481</MmbId>
									</ClrSysMmbId>
								</FinInstnId>
							</InstdAgt>
							<Prtry>
								<Tp>INGA</Tp>
								<Agt>
									<FinInstnId>
										<ClrSysMmbId>
											<MmbId>011104238</MmbId>
										</ClrSysMmbId>
									</FinInstnId>
								</Agt>
							</Prtry>
						</RltdAgts>
						<RltdDts>
							<Prtry>
								<Tp>SDTM</Tp>
								<Dt>
									<DtTm>2023-09-02T16:09:39-04:00</DtTm>
								</Dt>
							</Prtry>
						</RltdDts>
					</TxDtls>
				</NtryDtls>
			</Ntry>
		</Rpt>
	</BkToCstmrAcctRpt>
</Document>